@book{morettin2017estatistica,
  title={Estat{\'\i}stica b{\'a}sica},
  author={Morettin, Pedro Alberto and BUSSAB, WILTON OLIVEIRA},
  year={2017},
  publisher={Saraiva Educa{\c{c}}{\~a}o SA}
}

@manual{Saeb2017a),
	Author = {INEP},
	Date-Added = {2018-10},
	Date-Modified = {2018-10},
	Organization = {INEP},
	Title = {SAEB 2017 MICRODADOS DA ANEB E DA ANRESC (PROVA BRASIL)},
	Url = {http://portal.inep.gov.br/web/guest/microdados},
	Year = {2018},
	Subtitle = {Saeb (Aneb/Prova Brasil 2017)},
	Pages = 33,
	Bdsk-Url-1 = {http://portal.inep.gov.br/web/guest/microdados}}

@article{pearson1900x,
  title={X. On the criterion that a given system of deviations from the probable in the case of a correlated system of variables is such that it can be reasonably supposed to have arisen from random sampling},
  author={Pearson, Karl},
  journal={The London, Edinburgh, and Dublin Philosophical Magazine and Journal of Science},
  volume={50},
  number={302},
  pages={157--175},
  year={1900},
  publisher={Taylor \& Francis}
}

@article{shapiro1965analysis,
  title={An analysis of variance test for normality (complete samples)},
  author={Shapiro, Samuel Sanford and Wilk, Martin B},
  journal={Biometrika},
  volume={52},
  number={3/4},
  pages={591--611},
  year={1965},
  publisher={JSTOR}
}

@article{lilliefors1967kolmogorov,
  title={On the Kolmogorov-Smirnov test for normality with mean and variance unknown},
  author={Lilliefors, Hubert W},
  journal={Journal of the American statistical Association},
  volume={62},
  number={318},
  pages={399--402},
  year={1967},
  publisher={Taylor \& Francis}
}

@article{anderson1954test,
  title={A test of goodness of fit},
  author={Anderson, Theodore W and Darling, Donald A},
  journal={Journal of the American statistical association},
  volume={49},
  number={268},
  pages={765--769},
  year={1954},
  publisher={Taylor \& Francis}
}

@article{anderson1962distribution,
  title={On the distribution of the two-sample Cramer-von Mises criterion},
  author={Anderson, Theodore W},
  journal={The Annals of Mathematical Statistics},
  pages={1148--1159},
  year={1962},
  publisher={JSTOR}
}

@article{bartlett1954note,
  title={A note on the multiplying factors for various $\chi$ 2 approximations},
  author={Bartlett, Maurice S},
  journal={Journal of the Royal Statistical Society. Series B (Methodological)},
  pages={296--298},
  year={1954},
  publisher={JSTOR}
}

@article{o1908student,
  title={Student's t-test},
  author={O'Connor, John J and Robertson, Edmund F and Edmund, F},
  journal={MacTutor History of Mathematics archive},
  year={1908}
}

@article{fisher1928general,
  title={The general sampling distribution of the multiple correlation coefficient},
  author={Fisher, Ronald Aylmer},
  journal={Proceedings of the Royal Society of London. Series A, Containing Papers of a Mathematical and Physical Character},
  volume={121},
  number={788},
  pages={654--673},
  year={1928},
  publisher={The Royal Society London}
}

@article{kruskal1952use,
  title={Use of ranks in one-criterion variance analysis},
  author={Kruskal, William H and Wallis, W Allen},
  journal={Journal of the American statistical Association},
  volume={47},
  number={260},
  pages={583--621},
  year={1952},
  publisher={Taylor \& Francis Group}
}

@article{box1987guinness,
  title={Guinness, gosset, fisher, and small samples},
  author={Box, Joan Fisher},
  journal={Statistical science},
  pages={45--52},
  year={1987},
  publisher={JSTOR}
}

@article{mann1947test,
  title={On a test of whether one of two random variables is stochastically larger than the other},
  author={Mann, Henry B and Whitney, Donald R},
  journal={The annals of mathematical statistics},
  pages={50--60},
  year={1947},
  publisher={JSTOR}
}

@article{bonferroni1936teoria,
  title={Teoria statistica delle classi e calcolo delle probabilita},
  author={Bonferroni, Carlo},
  journal={Pubblicazioni del R Istituto Superiore di Scienze Economiche e Commericiali di Firenze},
  volume={8},
  pages={3--62},
  year={1936}
}

@article{smirnov1939estimate,
  title={Estimate of deviation between empirical distribution functions in two independent samples},
  author={Smirnov, Nikolai V},
  journal={Bulletin Moscow University},
  volume={2},
  number={2},
  pages={3--16},
  year={1939}
}

@article{pearson1951charts,
  title={Charts of the power function for analysis of variance tests, derived from the non-central F-distribution},
  author={Pearson, Egon S and Hartley, Herman O},
  journal={Biometrika},
  volume={38},
  number={1/2},
  pages={112--130},
  year={1951},
  publisher={JSTOR}
}

@article{arbuthnot1712ii,
  title={II. An argument for divine providence, taken from the constant regularity observ'd in the births of both sexes. By Dr. John Arbuthnott, Physitian in Ordinary to Her Majesty, and Fellow of the College of Physitians and the Royal Society},
  author={Arbuthnot, John},
  journal={Philosophical Transactions of the Royal Society of London},
  volume={27},
  number={328},
  pages={186--190},
  year={1712},
  publisher={The Royal Society London}
}
